@INPROCEEDINGS{1333569,
  author={Zaman, M. and Surabattula, J. and Gruenwald, L.},
  booktitle={Proceedings. 15th International Workshop on Database and Expert Systems Applications, 2004.}, 
  title={An auto-indexing technique for databases based on clustering}, 
  year={2004},
  volume={},
  number={},
  pages={776-780},
  keywords={Indexes;Relational databases;Cost function;Data mining;Computer science;Data warehouses;Data analysis;Transaction databases;Linear programming;Terminology},
  doi={10.1109/DEXA.2004.1333569}}
